@Book{AIbyExample,
  author =	 {Mat Buckland},
  title = 	 {Programming Game {AI} by Example},
  publisher = 	 {Wordware Publishing, Inc.},
  year = 	 2005
}

@misc{CruiseControl,
  author    = {ThoughtWorks, Inc.},
  title     = {Cruise Control},
  year      = {2001},
  webpage   = {http://cruisecontrol.sourceforge.net/index.html},
  lastaccess = {Octubre, 2009}
}

@Book{CVS,
  author =	 {Jennifer Vesperman},
  title = 	 {Essential CVS},
  publisher = 	 {O'Reilly},
  year = 	 2003,
  isbn = {0-596-00459-1}
}

@Book{Subversion,
  author =	 {Ben Collins-Sussman and Brian W. Fitzpatrick and C. Michael Pilato},
  title = 	 {Version Control with Subversion},
  publisher = 	 {O'Reilly},
  year = 	 2004,
  isbn = {0-596-00448-6},
  webpage = {http://svnbook.red-bean.com/},
  lastaccess = {Octubre, 2009}
}

@Wikipedia{LaTeXWikipedia,
   author     = {Wikipedia},
   title      = {{LaTeX}},
   wpentry    = {LaTeX},
   language   = {es},
   webpage    = {http://es.wikipedia.org/wiki/LaTeX},
   lastaccess = {Octubre, 2009},
}



@Misc{Fowler06,
  author =	 {Martin Fowler},
  title =	 {Continuous Integration},
  year = 2006,
  webpage   = {http://martinfowler.com/articles/continuousIntegration.html},
  lastaccess = {Octubre, 2009}
}

@Book{emacsStallman,
  author =	 {Richard M. Stallman},
  title =	 {{GNU} Emacs Manual for Version 22, 16th Edition},
  publisher = 	 {Free Software Foundation},
  year = 	 {2007},
  webpage = {http://www.gnu.org/software/emacs/manual/emacs.pdf},
  lastaccess = {Octubre, 2009},
}

@Book{libroMake,
  author = {Robert Mecklenburg},
  title  = {Managing Projects with GNU Make, 3rd edition},
  publisher = {O'Reilly Media, Inc},
  year = {2004},
  isbn = {0596006101}
}

@phdthesis{TesisVir,
   Author = {Virginia Francisco},
   Title = {Identificaci'on Autom'atica del Contenido Afectivo de un Texto y su Papel en la Presentaci'on de Informaci'on},
   School = {Universidad Complutense de Madrid},
   Type = {PhD},
   Year = {2008}
}

@Book{Picard,
	author = {Rosalind W. Picard},
	title = {Affective Computing},
	year = {1997}
}

@article{chinos,
	author = {YY Ng and CW Khong and H Thwaites},
	title = {A review of affective design towards video games},
	journal = {Procedia-Social and Behavioral Sciences},
	volume = 51,
	year = 2012
}

@article{aplicacionesCA,
	author = { Sandra Baldasarri},
	title = {Computaci'on Afectiva: tecnolog'ia y emociones ara mejorar la expriencia de usuario},
	journal = {Revista Institucional de la Facultad de Inform'atica Universidad Nacional de La Plata (Argentina)},
	year = 2016
}

@article{RobotSonrie,
	author = { Laurel D. Riek and Philip C. Paul and Peter Robinson},
	title = {When my robot similes at me: Enabling human-robot rapport via real-time head gesture mimicry},
	journal = {Journal on Multimodal User Interfaces},
	year = 2010
}

@Book{goertzel,
	author = { B. Goertzel and K. Silverman and C. Hartley and S. Bugaj and M. Ross},
	title = {The Baby Webmind Project},
	year = 2000}
	
@Article{Liu2002,
	author = { H. Liu and H. Lieberman and T. Selker},
	title = { Adaptive Linking between Text and Photos Using Common Sense Reasoning},
	year = {2002},
	journal = {Proceedings of the 2n International Conference on Adaptive Hypermedia and Adaptive Web Based Systems}
}

@Article{W3CServicios,
  author =	 {W3C},
  title =	 {Servicios Web},
  webpage   = {https://www.w3c.es/Divulgacion/GuiasBreves/ServiciosWeb},
  lastaccess = {Marzo, 2018}
}

@Article {jtech,
	author = {Dto. de Ciencia de la Computaci'on e Inteligencia Artificial, Universidad de Alicante},
	title = {Servicios web},
	webpage = {http://www.jtech.ua.es/j2ee/publico/servc-web-2012-13/sesion01-apuntes.html},
	lastaccess = {Marzo, 2018}
}

@Article {DiegoLazaro,
	author = {Diego L'azaro},
	webpage = {https://diego.com.es/introduccion-a-los-web-services},
	title = {Introducci'on a los web services},
	lastaccess = {Marzo, 2018},
}

@Article {ArqWebServices,
	author = {Hern'an Garrido and Cristian Zunino},
	webpage = {http://www-2.dc.uba.ar/materias/seginf/material/tp_1c2006/Seguridad_WebServices.pdf},
	lastaccess = {Marzo, 2018},
	year = 2006
}

@Book {ScrumManagerLibro,
	author = { ScrumManager},
	webpage = {http://scrummanager.net/files/scrum_manager.pdf},
	lastaccess = {Marzo, 2018},
	year = 2016,
	title = {Scrum Manager v. 2.6}
}

@Misc { ProcesoScrum,
	author = {Softeng},
	webpage = {https://www.softeng.es/es-es/empresa/metodologias-de-trabajo/metodologia-scrum/proceso-roles-de-scrum.html},
	lastaccess = {Marzo, 2018},
}
	
@Misc {Fowler,
	author = { Martin Fowler},
	webpage = {https://www.martinfowler.com/articles/continuousIntegration.html},
	lastaccess = {Marzo, 2018},
	year = {2006},
	title = { Continuous Integration}
}
@Article { ANEW,
	author = { Margaret M. Bradley and Peter J. Lang},
	webpage = {http://citeseerx.ist.psu.edu/viewdoc/download?doi=10.1.1.306.3881&rep=rep1&type=pdf},
	lastaccess = {Marzo, 2018},
	year = {1999},
	title = {Affective Norms for English Words ({ANEW}): Instruction Manual and Affective Ratings}
}

@Article {ANEW_es,
	author = { Jaime Redondo and Isabel Fraga and Isabel Padr'on and Monstserrat Comesa'na},
	title = {The Spanish adaptation of {ANEW} ({A}ffective {N}orms for {E}nglish {W}ords},
	webpage = {https://link.springer.com/article/10.3758/BF03193031},
	lastaccess = {Marzo, 2018},
	year = 2007,
	journal = {Behavior Research Methods}
}

@misc{RAE,
  title =	 {{RAE} Real Academia Espa'nola},
  year = 	 {2018},
  webpage = {http://www.rae.es},
	lastaccess = {Marzo, 2018}
}

@book{peterson1965lasswell,
  title={The Lasswell Value Dictionary},
  author={Peterson, R.L. and Brewer, T.L. and Lasswell, H.D.},
  url={https://books.google.es/books?id=a\_d3HAAACAAJ},
  year={1965}
}
@book{mckeown,
	title ={Predicting the semantic orientation of adjectives},
	author={Hatzivassiloglou, V. and McKeown, K. R.},
	year ={1997}
}
@article{Lang99,
	title = {International Affective Picture System ({I}{A}{P}{S}): Technical Manual and Affective Ratings},
	author = {Lang, P.J. and Bradley, M.M. and Chuthbert, B.N.},
	year = {1999},
}
% --- Datos de Lang99 --- %
% --- Technical report A-4. The center for research in psychophysiology, University of Florida --%
@article{Cowie00,
	title = {Describing the emotional states expressed in speech},
	author = {Roddy Cowie},
	year = {2000},
	journal = {Speech and Emotion}
}% -- Preguntar por referencia segun el pdf --%

@article{MuellerDyer85,
	title = {Towards a computational theory of human daydreaming},
	author = {Mueller, Erik T. and Dyer, Michael G.},
	year = {1985},
	journal = {Porceedings of the Seventh Annual Conference of the Cognitive Science Society}
}
%--http://mf.media.mit.edu/courses/2006/mas845/readings/files/muellerErik_daydreaming.htm --%

@conference {FranciscoGervasTSD2006,
	title = {Automated Mark Up of Affective Information in English Texts},
	booktitle = {Text, Speech and Dialogue (TSD 2006)},
	year = {2006},
	month = {September 2006},
	pages = {375{\textendash}382},
	publisher = {Springer Verlag},
	organization = {Springer Verlag},
	address = {Brno, Czech Republic},
	attachments = {http://nil.fdi.ucm.es/sites/default/files/FranciscoGervasTSD2006.pdf},
	author = {Virginia Francisco and Pablo Gerv{\'a}s}
}
@article { TurneyLittman03,
	title = {Measuring praise and criticism: Inference of semantic orientation from association},
	author = {Peter D. Turney and Michael L.Littman},
	year = {2003},
	journal = {ACM Transactions on Information System ({T}{O}{I}{S})}
}

@article {HuettnerSubasic00,
	title = {Fuzzy Typing for Document Management},
	author = {Alison Huettner and Pero Subasic},
	year = {2000}
}

@article {Grefenstette06,
	title = {Validating the Coverage of Lexical Resources for Affect Analysis and Automatically Classifying New Words along Semantic Axes},
	author = {Gregory Grefenstette and Yan Qu and David A. Evans and James G. Shanahan},
	year = {2006}
}
%-- Grefenstette tengo el fichero --%


@article {Lang80,
	title = {Behavioral treatment and bio-behavioral assessment: Computer applications},
	year = {1980},
	author = { Lang, P.J.}
}
% ---- djangoproject.com,2005-2018 ---- %
% ---- (trello.com,2011-2018) ---- %

	

  